<record><leader>01855cam a2200481 i 4500</leader><controlfield tag="001">6678597</controlfield><controlfield tag="003">CaONFJC</controlfield><controlfield tag="005">20140828142737.0</controlfield><controlfield tag="006">m        d        </controlfield><controlfield tag="007">cr |n|||||||||</controlfield><controlfield tag="008">140811s2015    enka   fob    001 0 eng d</controlfield><datafield ind1=" " ind2=" " tag="020"><subfield code="a">9780415844819 (hbk.)</subfield></datafield><datafield ind1=" " ind2=" " tag="020"><subfield code="a">9780415844826 (pbk.)</subfield></datafield><datafield ind1=" " ind2=" " tag="020"><subfield code="a">9781135012489 (ePub ebook)</subfield></datafield><datafield ind1=" " ind2=" " tag="020"><subfield code="a">9781135012496 (PDF ebook)</subfield></datafield><datafield ind1=" " ind2=" " tag="020"><subfield code="a">9781135012472 (Mobipocket ebook)</subfield></datafield><datafield ind1=" " ind2=" " tag="020"><subfield code="a">9781322057644 (MyiLibrary)</subfield></datafield><datafield ind1=" " ind2=" " tag="037"><subfield code="a">637015</subfield><subfield code="b">MIL</subfield></datafield><datafield ind1=" " ind2=" " tag="039"><subfield code="a">exclude</subfield></datafield><datafield ind1=" " ind2=" " tag="040"><subfield code="a">CaONFJC</subfield><subfield code="c">CaONFJC</subfield><subfield code="e">rda</subfield><subfield code="d">AEU</subfield></datafield><datafield ind1=" " ind2="4" tag="050"><subfield code="a">JZ5538</subfield><subfield code="b">.C6656 2015eb</subfield></datafield><datafield ind1=" " ind2="7" tag="072"><subfield code="a">POL</subfield><subfield code="2">ukslc</subfield></datafield><datafield ind1="0" ind2="4" tag="082"><subfield code="a">303.6</subfield><subfield code="2">23</subfield></datafield><datafield ind1=" " ind2=" " tag="090"><subfield code="a">Internet Access</subfield><subfield code="b">AEGMCT</subfield></datafield><datafield ind1="0" ind2="0" tag="245"><subfield code="a">Conflict, peace, security and development</subfield><subfield code="h">[electronic resource] :</subfield><subfield code="b">theories and methodologies /</subfield><subfield code="c">edited by Helen Hintjens and Dubravka &#381;arkov.</subfield></datafield><datafield ind1=" " ind2="1" tag="264"><subfield code="a">London :</subfield><subfield code="b">Routledge, Taylor &amp; Francis Group,</subfield><subfield code="c">2015.</subfield></datafield><datafield ind1=" " ind2=" " tag="300"><subfield code="a">1 online resource (xii, 255 pages) :</subfield><subfield code="b">2 illustrations</subfield></datafield><datafield ind1=" " ind2=" " tag="336"><subfield code="a">text</subfield><subfield code="b">txt</subfield><subfield code="2">rdacontent</subfield></datafield><datafield ind1=" " ind2=" " tag="337"><subfield code="a">computer</subfield><subfield code="b">c</subfield><subfield code="2">rdamedia</subfield></datafield><datafield ind1=" " ind2=" " tag="338"><subfield code="a">online resource</subfield><subfield code="b">cr</subfield><subfield code="2">rdacarrier</subfield></datafield><datafield ind1=" " ind2=" " tag="504"><subfield code="a">Includes bibliographical references and index.</subfield></datafield><datafield ind1=" " ind2=" " tag="506"><subfield code="a">Access restricted to authorized users and institutions.</subfield></datafield><datafield ind1=" " ind2=" " tag="588"><subfield code="a">Description based on print version record.</subfield></datafield><datafield ind1=" " ind2=" " tag="596"><subfield code="a">57</subfield></datafield><datafield ind1=" " ind2="0" tag="650"><subfield code="a">Peace-building.</subfield></datafield><datafield ind1=" " ind2="0" tag="650"><subfield code="a">Conflict management.</subfield></datafield><datafield ind1=" " ind2="0" tag="650"><subfield code="a">Security, International.</subfield></datafield><datafield ind1=" " ind2="0" tag="650"><subfield code="a">Economic development.</subfield></datafield><datafield ind1="1" ind2=" " tag="700"><subfield code="a">Hintjens, Helen M.,</subfield><subfield code="e">editor.</subfield></datafield><datafield ind1="1" ind2=" " tag="700"><subfield code="a">&#381;arkov, Dubravka,</subfield><subfield code="d">1958- ,</subfield><subfield code="e">editor.</subfield></datafield><datafield ind1="4" ind2="0" tag="856"><subfield code="3">MacEwan University Access</subfield><subfield code="u">http://lib.myilibrary.com/detail.asp?ID=637015</subfield><subfield code="z">(Single User Access)</subfield></datafield><datafield ind1=" " ind2=" " tag="949"><subfield code="w">ORDER</subfield><subfield code="h">UAIN</subfield><subfield code="m">GR_MAC_INT</subfield><subfield code="z">MILGMPSA</subfield></datafield><datafield ind1=" " ind2=" " tag="926"><subfield code="a">Internet Access</subfield><subfield code="w">LC</subfield><subfield code="c">1</subfield><subfield code="i">6678597-1001</subfield><subfield code="l">INTERNET</subfield><subfield code="m">GR_MAC_INT</subfield><subfield code="p">$192.57</subfield><subfield code="r">Y</subfield><subfield code="s">Y</subfield><subfield code="t">E-RESOURCE</subfield><subfield code="u">9/17/2014</subfield><subfield code="x">E-BOOK</subfield><subfield code="z">MILGM</subfield></datafield></record>